<?xml version="1.0" encoding="UTF-8"?><record xmlns="http://www.loc.gov/MARC21/slim" xmlns:cinclude="http://apache.org/cocoon/include/1.0" xmlns:zs="http://www.loc.gov/zing/srw/">
  <leader>00688cz  a2200145n  4500</leader>
  <controlfield tag="001">n  86867703 </controlfield>
  <controlfield tag="003">DLC</controlfield>
  <controlfield tag="005">20080615080850.0</controlfield>
  <controlfield tag="008">861126n| acannaabn          |a and      </controlfield>
  <datafield tag="010" ind1=" " ind2=" ">
    <subfield code="a">n  86867703 </subfield>
  </datafield>
  <datafield tag="035" ind1=" " ind2=" ">
    <subfield code="a">(OCoLC)oca01718567</subfield>
  </datafield>
  <datafield tag="040" ind1=" " ind2=" ">
    <subfield code="a">DLC</subfield>
    <subfield code="b">eng</subfield>
    <subfield code="c">DLC</subfield>
    <subfield code="d">OCoLC</subfield>
  </datafield>
  <datafield tag="110" ind1="2" ind2=" ">
    <subfield code="a">University of Kansas.</subfield>
    <subfield code="b">Center for Applied Behavior Analysis</subfield>
  </datafield>
  <datafield tag="410" ind1="2" ind2=" ">
    <subfield code="a">Center for Applied Behavior Analysis (University of Kansas)</subfield>
  </datafield>
  <datafield tag="670" ind1=" " ind2=" ">
    <subfield code="a">nuc86-107019: Quilitch, H.R. A bibliography of children's play and toys, 1971?</subfield>
    <subfield code="b">(hdg. on AAP rept.: Kansas. University. Center for Applied Behavior Analysis; usage: Center for Applied Behavior Analysis, University of Kansas; usage: Center for Applied Behavior Analysis)</subfield>
  </datafield>
</record>